% TL
@article{pan2009survey,
    title     = {A survey on transfer learning},
    author    = {Pan, Sinno Jialin and Yang, Qiang},
    journal   = {IEEE Transactions on knowledge and data engineering},
    volume    = {22},
    number    = {10},
    pages     = {1345--1359},
    year      = {2009},
    publisher = {IEEE}
}

% Pareto
@article{srinivas1994muiltiobjective,
    title     = {Muiltiobjective optimization using nondominated sorting in genetic algorithms},
    author    = {Srinivas, Nidamarthi and Deb, Kalyanmoy},
    journal   = {Evolutionary computation},
    volume    = {2},
    number    = {3},
    pages     = {221--248},
    year      = {1994},
    publisher = {MIT Press}
}

@article{deb2002fast,
    title     = {A fast and elitist multiobjective genetic algorithm: NSGA-II},
    author    = {Deb, Kalyanmoy and Pratap, Amrit and Agarwal, Sameer and Meyarivan, TAMT},
    journal   = {IEEE transactions on evolutionary computation},
    volume    = {6},
    number    = {2},
    pages     = {182--197},
    year      = {2002},
    publisher = {IEEE}
}

@article{zitzler2001spea2,
    title     = {SPEA2: Improving the strength Pareto evolutionary algorithm},
    author    = {Zitzler, Eckart and Laumanns, Marco and Thiele, Lothar},
    journal   = {TIK-report},
    volume    = {103},
    year      = {2001},
    publisher = {Eidgen{\"o}ssische Technische Hochschule Z{\"u}rich (ETH), Institut f{\"u}r Technische~…}
}

@article{zhang2014efficient,
    title     = {An efficient approach to nondominated sorting for evolutionary multiobjective optimization},
    author    = {Zhang, Xingyi and Tian, Ye and Cheng, Ran and Jin, Yaochu},
    journal   = {IEEE Transactions on Evolutionary Computation},
    volume    = {19},
    number    = {2},
    pages     = {201--213},
    year      = {2014},
    publisher = {IEEE}
}

@article{li2016efficient,
    title     = {Efficient nondomination level update method for steady-state evolutionary multiobjective optimization},
    author    = {Li, Ke and Deb, Kalyanmoy and Zhang, Qingfu and Zhang, Qiang},
    journal   = {IEEE transactions on cybernetics},
    volume    = {47},
    number    = {9},
    pages     = {2838--2849},
    year      = {2016},
    publisher = {IEEE}
}

% 指标
@article{bosman2003balance,
    title     = {The balance between proximity and diversity in multiobjective evolutionary algorithms},
    author    = {Bosman, Peter AN and Thierens, Dirk},
    journal   = {IEEE transactions on evolutionary computation},
    volume    = {7},
    number    = {2},
    pages     = {174--188},
    year      = {2003},
    publisher = {IEEE}
}

@article{zitzler1999multiobjective,
    title     = {Multiobjective evolutionary algorithms: a comparative case study and the strength Pareto approach},
    author    = {Zitzler, Eckart and Thiele, Lothar},
    journal   = {IEEE transactions on Evolutionary Computation},
    volume    = {3},
    number    = {4},
    pages     = {257--271},
    year      = {1999},
    publisher = {IEEE}
}

@inproceedings{zitzler2004indicator,
    title        = {Indicator-based selection in multiobjective search},
    author       = {Zitzler, Eckart and K{\"u}nzli, Simon},
    booktitle    = {International conference on parallel problem solving from nature},
    pages        = {832--842},
    year         = {2004},
    organization = {Springer}
}

@article{bader2011hype,
    title     = {HypE: An algorithm for fast hypervolume-based many-objective optimization},
    author    = {Bader, Johannes and Zitzler, Eckart},
    journal   = {Evolutionary computation},
    volume    = {19},
    number    = {1},
    pages     = {45--76},
    year      = {2011},
    publisher = {MIT Press One Rogers Street, Cambridge, MA 02142-1209, USA journals-info~…}
}

% 分解
@article{zhang2007moea,
    title     = {MOEA/D: A multiobjective evolutionary algorithm based on decomposition},
    author    = {Zhang, Qingfu and Li, Hui},
    journal   = {IEEE Transactions on evolutionary computation},
    volume    = {11},
    number    = {6},
    pages     = {712--731},
    year      = {2007},
    publisher = {IEEE}
}

% LS
@inproceedings{ishibuchi1996multi,
    title        = {Multi-objective genetic local search algorithm},
    author       = {Ishibuchi, Hisao and Murata, Tadahiko},
    booktitle    = {Proceedings of IEEE international conference on evolutionary computation},
    pages        = {119--124},
    year         = {1996},
    organization = {IEEE}
}

@article{jaszkiewicz2002genetic,
    title     = {Genetic local search for multi-objective combinatorial optimization},
    author    = {Jaszkiewicz, Andrzej},
    journal   = {European journal of operational research},
    volume    = {137},
    number    = {1},
    pages     = {50--71},
    year      = {2002},
    publisher = {Elsevier}
}

@inproceedings{knowles1999pareto,
    title        = {The pareto archived evolution strategy: A new baseline algorithm for pareto multiobjective optimisation},
    author       = {Knowles, Joshua and Corne, David},
    booktitle    = {Proceedings of the 1999 Congress on Evolutionary Computation-CEC99 (Cat. No. 99TH8406)},
    volume       = {1},
    pages        = {98--105},
    year         = {1999},
    organization = {IEEE}
}

@article{knowles2000approximating,
    title     = {Approximating the nondominated front using the Pareto archived evolution strategy},
    author    = {Knowles, Joshua D and Corne, David W},
    journal   = {Evolutionary computation},
    volume    = {8},
    number    = {2},
    pages     = {149--172},
    year      = {2000},
    publisher = {MIT Press}
}

@incollection{paquete2004pareto,
    title     = {Pareto local optimum sets in the biobjective traveling salesman problem: An experimental study},
    author    = {Paquete, Luis and Chiarandini, Marco and St{\"u}tzle, Thomas},
    booktitle = {Metaheuristics for multiobjective optimisation},
    pages     = {177--199},
    year      = {2004},
    publisher = {Springer}
}

@article{angel2004approximating,
    title     = {Approximating the Pareto curve with local search for the bicriteria TSP (1, 2) problem},
    author    = {Angel, Eric and Bampis, Evripidis and Gourv{\'e}s, Laurent},
    journal   = {Theoretical Computer Science},
    volume    = {310},
    number    = {1-3},
    pages     = {135--146},
    year      = {2004},
    publisher = {Elsevier}
}

@inproceedings{basseur2007indicator,
    title        = {Indicator-based multi-objective local search},
    author       = {Basseur, Matthieu and Burke, Edmund K},
    booktitle    = {2007 IEEE Congress on Evolutionary Computation},
    pages        = {3100--3107},
    year         = {2007},
    organization = {IEEE}
}

@article{drugan2012stochastic,
    title     = {Stochastic Pareto local search: Pareto neighbourhood exploration and perturbation strategies},
    author    = {Drugan, M{\u{a}}d{\u{a}}lina M and Thierens, Dirk},
    journal   = {Journal of Heuristics},
    volume    = {18},
    number    = {5},
    pages     = {727--766},
    year      = {2012},
    publisher = {Springer}
}

% ETO
@article{feng2017autoencoding,
    title     = {Autoencoding evolutionary search with learning across heterogeneous problems},
    author    = {Feng, Liang and Ong, Yew-Soon and Jiang, Siwei and Gupta, Abhishek},
    journal   = {IEEE Transactions on Evolutionary Computation},
    volume    = {21},
    number    = {5},
    pages     = {760--772},
    year      = {2017},
    publisher = {IEEE}
}

@article{yang2019offline,
    title     = {Offline data-driven multiobjective optimization: Knowledge transfer between surrogates and generation of final solutions},
    author    = {Yang, Cuie and Ding, Jinliang and Jin, Yaochu and Chai, Tianyou},
    journal   = {IEEE Transactions on Evolutionary Computation},
    volume    = {24},
    number    = {3},
    pages     = {409--423},
    year      = {2019},
    publisher = {IEEE}
}

@article{lin2020effective,
    title     = {An effective knowledge transfer approach for multiobjective multitasking optimization},
    author    = {Lin, Jiabin and Liu, Hai-Lin and Tan, Kay Chen and Gu, Fangqing},
    journal   = {IEEE transactions on cybernetics},
    volume    = {51},
    number    = {6},
    pages     = {3238--3248},
    year      = {2020},
    publisher = {IEEE}
}

@article{liang2020two,
    title   = {A two stage adaptive knowledge transfer evolutionary multi-tasking based on population distribution for multi/many-objective optimization},
    author  = {Liang, Zhengping and Liang, Weiqi and Xu, Xiuju and Liu, Ling and Zhu, Zexuan},
    journal = {arXiv preprint arXiv:2001.00810},
    year    = {2020}
}

@article{tan2021evolutionary,
    title     = {Evolutionary transfer optimization-a new frontier in evolutionary computation research},
    author    = {Tan, Kay Chen and Feng, Liang and Jiang, Min},
    journal   = {IEEE Computational Intelligence Magazine},
    volume    = {16},
    number    = {1},
    pages     = {22--33},
    year      = {2021},
    publisher = {IEEE}
}